% This file was created with Citavi 6.3.0.0

@misc{.,
 title = {Coming up with a tracking algorithm},
 url = {https://github.com/cnlohr/esptracker/issues/4},
 urldate = {2019-04-28}
}


@proceedings{.2016031120160312,
 year = {2016-03-11 - 2016-03-12},
 title = {2016 International Conference on Emerging Trends in Electrical Electronics {\&} Sustainable Energy Systems (ICETEESES)},
 publisher = {IEEE},
 isbn = {978-1-5090-2118-5}
}


@misc{.2019,
 abstract = {So, I've been patiently waiting for these to finally release and they has not been a song peep yet on when thats going to happen. I'm eager to upgrade from my older stuff so I can sell off my old system. I can't get rid of it if they do not have base stations or controllers so it sitting in my close...},
 year = {2019},
 title = {Base Station 2.0 and Controller 2.0, Where are they?},
 url = {https://community.viveport.com/t5/General-Vive-Discussion/Base-Station-2-0-and-Controller-2-0-Where-are-they/td-p/27446},
 urldate = {2019-05-01}
}


@misc{.b,
 title = {Let's try figuring out the data stream},
 url = {https://github.com/cnlohr/esptracker/issues/1},
 urldate = {2019-04-27}
}


@misc{.c,
 title = {Lighthouse 2.0 Command Dump},
 url = {https://github.com/cnlohr/esptracker/issues/3},
 urldate = {2019-04-28}
}


@misc{.d,
 title = {Tearing down a Vive Lighthouse 2.0. - YouTube},
 url = {https://www.youtube.com/watch?v=JP5maGaumYo},
 urldate = {2019-04-28}
}


@misc{.e,
 title = {Arduino MKR Vidor 4000},
 url = {https://store.arduino.cc/mkr-vidor-4000},
 keywords = {E-commerce;Magento},
 urldate = {2019-04-28}
}


@misc{.f,
 title = {DSLogic Plus -- DreamSourceLab},
 url = {https://www.dreamsourcelab.com/product/dslogic-plus/},
 urldate = {2019-05-01}
}


@book{Bossert.2013,
 abstract = {Die Kanalcodierung zur Fehlererkennung und -korrektur ist ein wesentlicher Bestandteil in modernen digitalen Kommunikationssystemen wie CD und DVD, Internet-Daten{\"u}bertragung, Mobilfunk, Satellitenkommunikation und digitales Fernsehen. Das Buch gibt eine grundlegende Einf{\"u}hrung in die Codierungstheorie. Alle derzeit bekannten Decodierverfahren werden beschrieben und eingeordnet. Durch die {\"u}bersichtliche und geschlossene Darstellung eignet sich das Werk gut zum vorlesungsbegleitenden Studium. {\"U}bungsaufgaben helfen, das vermittelte Wissen zu vertiefen



Main description: Die Kanalcodierung zur Fehlererkennung und -korrektur ist ein wesentlicher Bestandteil in modernen digitalen Kommunikationssystemen wie CD und DVD, Internet-Daten{\"u}bertragung, Mobilfunk, Satellitenkommunikation und digitales Fernsehen. Das Buch gibt eine grundlegende Einf{\"u}hrung in die Codierungstheorie. Alle derzeit bekannten Decodierverfahren werden beschrieben und eingeordnet. Durch die {\"u}bersichtliche und geschlossene Darstellung eignet sich das Werk gut zum vorlesungsbegleitenden Studium. {\"U}bungsaufgaben helfen, das vermittelte Wissen zu vertiefen.},
 author = {Bossert, Martin},
 year = {2013},
 title = {Kanalcodierung},
 url = {http://www.degruyter.com/search?f_0=isbnissn&q_0=9783486755169&searchTitles=true},
 address = {M{\"u}nchen},
 edition = {3., {\"u}berarbeitete Aufl.},
 publisher = {{De Gruyter}},
 isbn = {978-3-486-72128-7},
 doi = {10.1524/9783486755169}
}


@misc{CypressSemiconductorCorporation.20190428,
 abstract = {EZ-USB FX3 is the industry's only SuperSpeed USB 3.0 peripheral controller that enables developers to add USB 3.0 device functionality to any system.},
 editor = {{Cypress Semiconductor Corporation}},
 year = {2019-04-28},
 title = {EZ-USB FX3{\texttrademark} SuperSpeed USB 3.0 peripheral controller},
 url = {https://www.cypress.com/products/ez-usb-fx3-superspeed-usb-30-peripheral-controller},
 keywords = {Add USB 3.0 support;Cypress;Cypress Semiconductor;GPIF;GPIF-II;interface with Super Speed;interface with SuperSpeed;interface with USB 3.0;peripheral controller;Super Speed;SuperSpeed;USB;USB 3.0;USB Controllers},
 urldate = {2019-04-28}
}


@unpublished{Hagenauer.20170420,
 author = {Hagenauer, J. and Kramer, G. and S{\"o}der, G. and {K{\"o}tter R.}},
 year = {2017-04-20},
 title = {Skriptum zur Vorlesung Nachrichtentechnik 1}
}


@misc{IntelCorporation.,
 editor = {{Intel Corporation}},
 title = {Intel Cyclone 10 LP~FPGAs Product Table},
 url = {https://www.intel.de/content/dam/www/programmable/us/en/pdfs/literature/pt/cyclone-10-lp-product-table.pdf},
 urldate = {2019-04-28}
}


@misc{IntelCorporation.2017,
 editor = {{Intel Corporation}},
 year = {2017},
 title = {Intel Cyclone 10 LP~Device Overview},
 url = {https://www.intel.de/content/dam/www/programmable/us/en/pdfs/literature/hb/cyclone-10/c10lp-51001.pdf},
 urldate = {2019-04-28}
}


@misc{MicrochipTechnologyInc..2018,
 abstract = {SAM D21 Family Low-Power, 32-bit Cortex-M0+ MCU with Advanced Analog and PWM},
 editor = {{Microchip Technology Inc.}},
 year = {2018},
 title = {SAM D21 Family Data Sheet},
 url = {http://ww1.microchip.com/downloads/en/DeviceDoc/SAMD21-Family-DataSheet-DS40001882D.pdf},
 keywords = {32-bit;32-bit Cortex-M0+ MCU;32-bit Cortex-M0+ MCU with Advanced Analog and PWM;40001882;Cortex-M0+ MCU with Advanced Analog and PWM;DS40001882;DS40001882A;DS40001882B;DS40001882C;DS40001882D;PWM;SAM;SAM D21 Family;SAM D21 Family Low-Power;SAMD21},
 urldate = {2019-04-28}
}


@inproceedings{Mishra.2016031120160312,
 author = {Mishra, Shivshankar and Tripathi, Ram Racksha and Tripathi, Devendra Kr.},
 title = {Implementation of configurable linear feedback shift register in VHDL},
 pages = {342--346},
 publisher = {IEEE},
 isbn = {978-1-5090-2118-5},
 booktitle = {2016 International Conference on Emerging Trends in Electrical Electronics {\&} Sustainable Energy Systems (ICETEESES)},
 year = {2016-03-11 - 2016-03-12},
 doi = {10.1109/ICETEESES.2016.7581406}
}


@book{Paar.2016,
 abstract = {Einf{\"u}hrung -- Stromchiffren -- Data Encryption Standard (DES) -- Advanced Encryption Standard (AES) -- Mehr {\"u}ber Blockchiffren -- Einf{\"u}hrung in die Asymmetrische Kryptografie -- Das RSA-Kryptosystem -- Der diskrete Logarithmus -- Elliptische Kurvenkryptografie -- Digitale Signatur -- Hash-Funktionen -- Message Authentiation Codes (MACs) -- Schl{\"u}sselerzeugung



Das Buch gibt eine umfassende Einf{\"u}hrung in moderne angewandte Kryptografie. Es behandelt nahezu alle kryptografischen Verfahren mit praktischer Relevanz. Es werden symmetrische Verfahren (DES, AES, PRESENT, Stromchiffren), asymmetrische Verfahren (RSA, Diffie-Hellmann, elliptische Kurven) sowie digitale Signaturen, Hash-Funktionen, Message Authentication Codes sowie Schl{\"u}sselaustauschprotokolle vorgestellt. F{\"u}r alle Krypto-Verfahren werden aktuelle Sicherheitseinsch{\"a}tzungen und Implementierungseigenschaften beschrieben},
 author = {Paar, Christof and Pelzl, Jan},
 year = {2016},
 title = {Kryptografie verst{\"a}ndlich: Ein Lehrbuch f{\"u}r Studierende und Anwender},
 url = {http://dx.doi.org/10.1007/978-3-662-49297-0},
 address = {Berlin and Heidelberg},
 publisher = {{Springer Vieweg}},
 isbn = {9783662492963},
 series = {eXamen.press},
 doi = {10.1007/978-3-662-49297-0}
}


@misc{Seibel.,
 author = {Seibel, John},
 editor = {{Triad Semiconductor}},
 title = {How to configure the TS4231 with Arduino},
 url = {http://help.triadsemi.com/ts4231-light-to-digital-ic-with-data-output/how-to-configure-the-ts4231-with-arduino},
 urldate = {2019-04-27}
}


@book{Tietze.2016,
 author = {Tietze, Ulrich and Schenk, Christoph and Gamm, Eberhard},
 year = {2016},
 title = {Halbleiter-Schaltungstechnik},
 price = {Festeinband : EUR 129.99 (DE), EUR 102.79 (AT)},
 address = {Berlin and Heidelberg},
 edition = {15., {\"u}berarbeitete und erweiterte Auflage},
 publisher = {{Springer Vieweg}},
 isbn = {9783662483541}
}


@misc{TriadSemiconductor.2016,
 editor = {{Triad Semiconductor}},
 year = {2016},
 title = {TS4231 Design Guidelines},
 url = {https://www.triadsemi.com/wp-content/uploads/2017/06/TS4231-Design-Guidelines.pdf},
 urldate = {2019-04-27}
}


@misc{TriadSemiconductor.2016b,
 editor = {{Triad Semiconductor}},
 year = {2016},
 title = {TS4231 Light to Digital Converter Product Datasheet},
 url = {https://www.triadsemi.com/wp-content/uploads/2017/06/TS4231-Datasheet.pdf},
 urldate = {2019-04-27}
}


@misc{VishayIntertechnology.2017,
 editor = {{Vishay Intertechnology}, Inc.},
 year = {2017},
 title = {BPW34, BPW34S},
 url = {https://www.vishay.com/docs/81521/bpw34.pdf},
 urldate = {2019-04-28}
}


@book{Wakerly.2006,
 author = {Wakerly, John F.},
 year = {2006},
 title = {Digital design: Principles and practices},
 price = {73.69},
 address = {Upper Saddle River, NJ},
 edition = {4. ed.},
 publisher = {{Pearson Prentice Hall}},
 isbn = {0-13-186389-4}
}


